<?xml version="1.0" encoding="UTF-8"?><collection xmlns="http://www.loc.gov/MARC21/slim"><record><leader>00438nam--2200133-i-4500</leader><controlfield tag="001">000016482</controlfield><controlfield tag="002">20161230</controlfield><controlfield tag="005">20161230201031</controlfield><controlfield tag="008">060222s1000------------r-----000-0-eng-d</controlfield><datafield ind1=" " ind2=" " tag="080"><subfield code="a">539.143.44(043)</subfield></datafield><datafield ind1=" " ind2=" " tag="100"><subfield code="a">Baran, Virgil</subfield></datafield><datafield ind1=" " ind2=" " tag="245"><subfield code="a">Studiul dinamicii cvadrupolare: cuantificarea miscarii clasice, haos, aspecte noi ale modelu lui starilor coerente. teza</subfield></datafield><datafield ind1=" " ind2=" " tag="260"><subfield code="a">Bucuresti, Institutul De Fizica Atomica, 1995. 85 P</subfield></datafield><datafield ind1=" " ind2=" " tag="852"><subfield code="a">80337</subfield></datafield></record></collection>